/Users/pete/Google Drive/References/FCAT Biomass.bib